@article{ruckle2017end,
  title={End-to-end non-factoid question answering with an interactive visualization of neural attention weights},
  author={R{\"u}ckl{\'e}, Andreas and Gurevych, Iryna},
  journal={Proceedings of ACL 2017, System Demonstrations},
  pages={19--24},
  year={2017}
}

@article{li2016understanding,
  title={Understanding neural networks through representation erasure},
  author={Li, Jiwei and Monroe, Will and Jurafsky, Dan},
  journal={arXiv preprint arXiv:1612.08220},
  year={2016}
}

@inproceedings{lee2017interactive,
  title={Interactive Visualization and Manipulation of Attention-based Neural Machine Translation},
  author={Lee, Jaesong and Shin, Joong-Hwi and Kim, Jun-Seok},
  booktitle={Proceedings of the 2017 Conference on Empirical Methods in Natural Language Processing: System Demonstrations},
  pages={121--126},
  year={2017}
}

@article{Seo2016,
  title={Bidirectional attention flow for machine comprehension},
  author={Seo, Minjoon and Kembhavi, Aniruddha and Farhadi, Ali and Hajishirzi, Hannaneh},
  journal={arXiv preprint arXiv:1611.01603},
  year={2016}
}

@article{BowmanAngeliPotts2015,
  title={A large annotated corpus for learning natural language inference},
  author={Bowman, Samuel R and Angeli, Gabor and Potts, Christopher and Manning, Christopher D},
  journal={arXiv preprint arXiv:1508.05326},
  year={2015}
}

@article{bahdanau2014neural,
  title={Neural machine translation by jointly learning to align and translate},
  author={Bahdanau, Dzmitry and Cho, Kyunghyun and Bengio, Yoshua},
  journal={arXiv preprint arXiv:1409.0473},
  year={2014}
}

@InProceedings{parikh2016emnlp,
  author    = {Parikh, Ankur  and  T\"{a}ckstr\"{o}m, Oscar  and  Das, Dipanjan  and  Uszkoreit, Jakob},
  title     = {A Decomposable Attention Model for Natural Language Inference},
  booktitle = {Proceedings of the 2016 Conference on Empirical Methods in Natural Language Processing},
  month     = {November},
  year      = {2016},
  address   = {Austin, Texas},
  publisher = {Association for Computational Linguistics},
  pages     = {2249--2255},
  url       = {https://aclweb.org/anthology/D16-1244}
}

@inproceedings{schwartz2017high,
  title={High-Order Attention Models for Visual Question Answering},
  author={Schwartz, Idan and Schwing, Alexander and Hazan, Tamir},
  booktitle={Advances in Neural Information Processing Systems},
  pages={3667--3677},
  year={2017}
}

@article{seo2016bidirectional,
  title={Bidirectional attention flow for machine comprehension},
  author={Seo, Minjoon and Kembhavi, Aniruddha and Farhadi, Ali and Hajishirzi, Hannaneh},
  journal={ICLR 2017},
  year={2016}
}

@article{rush2015neural,
  title={A neural attention model for abstractive sentence summarization},
  author={Rush, Alexander M and Chopra, Sumit and Weston, Jason},
  journal={Proceedings of the 2015 Conference on Empirical Methods in Natural Language Processing},
  year={2015}
}

@inproceedings{yang2016hierarchical,
  title={Hierarchical attention networks for document classification},
  author={Yang, Zichao and Yang, Diyi and Dyer, Chris and He, Xiaodong and Smola, Alex and Hovy, Eduard},
  booktitle={Proceedings of the 2016 Conference of the North American Chapter of the Association for Computational Linguistics: Human Language Technologies},
  pages={1480--1489},
  year={2016}
}

@inproceedings{RibeiroSinghGuestrin2016,
  title={Why should i trust you?: Explaining the predictions of any classifier},
  author={Ribeiro, Marco Tulio and Singh, Sameer and Guestrin, Carlos},
  booktitle={Proceedings of the 22nd ACM SIGKDD International Conference on Knowledge Discovery and Data Mining},
  pages={1135--1144},
  year={2016},
  organization={ACM}
}

@article{BilalJourablooYe2018,
  title={Do convolutional neural networks learn class hierarchy?},
  author={Bilal, Alsallakh and Jourabloo, Amin and Ye, Mao and Liu, Xiaoming and Ren, Liu},
  journal={IEEE transactions on visualization and computer graphics},
  volume={24},
  number={1},
  pages={152--162},
  year={2018},
  publisher={IEEE}
}

@article{StrobeltGehrmannHuber2016,
  title={Visual analysis of hidden state dynamics in recurrent neural networks},
  author={Strobelt, Hendrik and Gehrmann, Sebastian and Huber, Bernd and Pfister, Hanspeter and Rush, Alexander M},
  journal={arXiv preprint arXiv:1606.07461},
  year={2016}
}

@article{OlahMordvintsevSchubert2017,
  author = {Olah, Chris and Mordvintsev, Alexander and Schubert, Ludwig},
  title = {Feature Visualization},
  journal = {Distill},
  year = {2017},
  note = {https://distill.pub/2017/feature-visualization},
  doi = {10.23915/distill.00007}
}


@article{OlahSatyanarayanJohnson2018,
  author = {Olah, Chris and Satyanarayan, Arvind and Johnson, Ian and Carter, Shan and Schubert, Ludwig and Ye, Katherine and Mordvintsev, Alexander},
  title = {The Building Blocks of Interpretability},
  journal = {Distill},
  year = {2018},
  note = {https://distill.pub/2018/building-blocks},
  doi = {10.23915/distill.00010}
}

@inproceedings{ZeilerFergus2014,
  title={Visualizing and understanding convolutional networks},
  author={Zeiler, Matthew D and Fergus, Rob},
  booktitle={European conference on computer vision},
  pages={818--833},
  year={2014},
  organization={Springer}
}

@article{SimonyanVedaldiZisserman2013,
  title={Deep inside convolutional networks: Visualising image classification models and saliency maps},
  author={Simonyan, Karen and Vedaldi, Andrea and Zisserman, Andrew},
  journal={arXiv preprint arXiv:1312.6034},
  year={2013}
}

@article{YosinskiCluneNguyen2015,
  title={Understanding neural networks through deep visualization},
  author={Yosinski, Jason and Clune, Jeff and Nguyen, Anh and Fuchs, Thomas and Lipson, Hod},
  journal={arXiv preprint arXiv:1506.06579},
  year={2015}
}

@article{LiuShiLi2017,
  title={Towards better analysis of deep convolutional neural networks},
  author={Liu, Mengchen and Shi, Jiaxin and Li, Zhen and Li, Chongxuan and Zhu, Jun and Liu, Shixia},
  journal={IEEE transactions on visualization and computer graphics},
  volume={23},
  number={1},
  pages={91--100},
  year={2017},
  publisher={IEEE}
}

@inproceedings{MikolovSutskeverChen2013,
  title={Distributed representations of words and phrases and their compositionality},
  author={Mikolov, Tomas and Sutskever, Ilya and Chen, Kai and Corrado, Greg S and Dean, Jeff},
  booktitle={Advances in neural information processing systems},
  pages={3111--3119},
  year={2013}
}

@inproceedings{PenningtonSocherManning2014,
  title={Glove: Global vectors for word representation},
  author={Pennington, Jeffrey and Socher, Richard and Manning, Christopher},
  booktitle={Proceedings of the 2014 conference on empirical methods in natural language processing (EMNLP)},
  pages={1532--1543},
  year={2014}
}

@inproceedings{VaswaniShazeerParmar2017,
  title={Attention is all you need},
  author={Vaswani, Ashish and Shazeer, Noam and Parmar, Niki and Uszkoreit, Jakob and Jones, Llion and Gomez, Aidan N and Kaiser, {\L}ukasz and Polosukhin, Illia},
  booktitle={Advances in Neural Information Processing Systems},
  pages={6000--6010},
  year={2017}
}

@article{Parikh2016,
  title={A decomposable attention model for natural language inference},
  author={Parikh, Ankur P and T{\"a}ckstr{\"o}m, Oscar and Das, Dipanjan and Uszkoreit, Jakob},
  journal={arXiv preprint arXiv:1606.01933},
  year={2016}
}

@article{LiuBremerJayaraman2018,
  title={Visual Exploration of Semantic Relationships in Neural Word Embeddings},
  author={Liu, Shusen and Bremer, Peer-Timo and Thiagarajan, Jayaraman J and Srikumar, Vivek and Wang, Bei and Livnat, Yarden and Pascucci, Valerio},
  journal={IEEE transactions on visualization and computer graphics},
  volume={24},
  number={1},
  pages={553--562},
  year={2018},
  publisher={IEEE}
}

@article{Lipton2016,
  title={The mythos of model interpretability},
  author={Lipton, Zachary C},
  journal={arXiv preprint arXiv:1606.03490},
  year={2016}
}

@inproceedings{KrausePererNg2016,
  title={Interacting with predictions: Visual inspection of black-box machine learning models},
  author={Krause, Josua and Perer, Adam and Ng, Kenney},
  booktitle={Proceedings of the 2016 CHI Conference on Human Factors in Computing Systems},
  pages={5686--5697},
  year={2016},
  organization={ACM}
}

@article{Doshi-Velez2017,
  title={Towards a rigorous science of interpretable machine learning},
  author={Doshi-Velez, Finale and Kim, Been},
  year={2017}
}

@inproceedings{TzengMa2005,
  title={Opening the black box-data driven visualization of neural networks},
  author={Tzeng, F-Y and Ma, K-L},
  booktitle={Visualization, 2005. VIS 05. IEEE},
  pages={383--390},
  year={2005},
  organization={IEEE}
}

@article{KarpathyJohnson2015,
  title={Visualizing and understanding recurrent networks},
  author={Karpathy, Andrej and Johnson, Justin and Fei-Fei, Li},
  journal={arXiv preprint arXiv:1506.02078},
  year={2015}
}

@article{LiChenHovy2015,
  title={Visualizing and understanding neural models in NLP},
  author={Li, Jiwei and Chen, Xinlei and Hovy, Eduard and Jurafsky, Dan},
  journal={arXiv preprint arXiv:1506.01066},
  year={2015}
}

@article{StrobeltGehrmannPfister2018,
  title={Lstmvis: A tool for visual analysis of hidden state dynamics in recurrent neural networks},
  author={Strobelt, Hendrik and Gehrmann, Sebastian and Pfister, Hanspeter and Rush, Alexander M},
  journal={IEEE transactions on visualization and computer graphics},
  volume={24},
  number={1},
  pages={667--676},
  year={2018},
  publisher={IEEE}
}

@article{LiuShiCao2018,
  title={Analyzing the training processes of deep generative models},
  author={Liu, Mengchen and Shi, Jiaxin and Cao, Kelei and Zhu, Jun and Liu, Shixia},
  journal={IEEE transactions on visualization and computer graphics},
  volume={24},
  number={1},
  pages={77--87},
  year={2018},
  publisher={IEEE}
}

@article{KahngAndrewsKalro2018,
  title={ActiVis: Visual Exploration of Industry-Scale Deep Neural Network Models},
  author={Kahng, Minsuk and Andrews, Pierre Y and Kalro, Aditya and Chau, Duen Horng Polo},
  journal={IEEE transactions on visualization and computer graphics},
  volume={24},
  number={1},
  pages={88--97},
  year={2018},
  publisher={IEEE}
}

@article{Pezzotti2018,
  title={Deepeyes: Progressive visual analytics for designing deep neural networks},
  author={Pezzotti, Nicola and H{\"o}llt, Thomas and Van Gemert, Jan and Lelieveldt, Boudewijn PF and Eisemann, Elmar and Vilanova, Anna},
  journal={IEEE transactions on visualization and computer graphics},
  volume={24},
  number={1},
  pages={98--108},
  year={2018},
  publisher={IEEE}
}

@book{MacCartney2009,
  title={Natural language inference},
  author={MacCartney, Bill},
  year={2009},
  publisher={Stanford University}
}

@article{DaganRothSammons2013,
  title={Recognizing textual entailment: Models and applications},
  author={Dagan, Ido and Roth, Dan and Sammons, Mark and Zanzotto, Fabio Massimo},
  journal={Synthesis Lectures on Human Language Technologies},
  volume={6},
  number={4},
  pages={1--220},
  year={2013},
  publisher={Morgan \& Claypool Publishers}
}

@article{Miller1995,
  title={WordNet: a lexical database for English},
  author={Miller, George A},
  journal={Communications of the ACM},
  volume={38},
  number={11},
  pages={39--41},
  year={1995},
  publisher={ACM}
}

@inproceedings{PaszkeGrossChintala2017,
  title={Automatic differentiation in PyTorch},
  author={Paszke, Adam and Gross, Sam and Chintala, Soumith and Chanan, Gregory and Yang, Edward and DeVito, Zachary and Lin, Zeming and Desmaison, Alban and Antiga, Luca and Lerer, Adam},
  booktitle={NIPS-W},
  year={2017}
}

@article{CrammerSinger2003,
  title={Ultraconservative online algorithms for multiclass problems},
  author={Crammer, Koby and Singer, Yoram},
  journal={Journal of Machine Learning Research},
  volume={3},
  number={Jan},
  pages={951--991},
  year={2003}
}

@inproceedings{CashmanPattersonMosca2017,
  title={Rnnbow: Visualizing learning via backpropagation gradients in recurrent neural networks},
  author={Cashman, Dylan and Patterson, Genevieve and Mosca, Abigail and Chang, Remco},
  booktitle={Workshop on Visual Analytics for Deep Learning (VADL)},
  year={2017}
}

@article{MingCaoZhang2017,
  title={Understanding Hidden Memories of Recurrent Neural Networks},
  author={Ming, Yao and Cao, Shaozu and Zhang, Ruixiang and Li, Zhen and Chen, Yuanzhe and Song, Yangqiu and Qu, Huamin},
  journal={arXiv preprint arXiv:1710.10777},
  year={2017}
}


@inproceedings{LundbergLee2017,
  title={A unified approach to interpreting model predictions},
  author={Lundberg, Scott M and Lee, Su-In},
  booktitle={Advances in Neural Information Processing Systems},
  pages={4768--4777},
  year={2017}
}

@article{Nivre2005,
  title={Dependency grammar and dependency parsing},
  author={Nivre, Joakim},
  journal={MSI report},
  volume={5133},
  number={1959},
  pages={1--32},
  year={2005}
}

@article{SrivastavaHinton2014,
  title={Dropout: A simple way to prevent neural networks from overfitting},
  author={Srivastava, Nitish and Hinton, Geoffrey and Krizhevsky, Alex and Sutskever, Ilya and Salakhutdinov, Ruslan},
  journal={The Journal of Machine Learning Research},
  volume={15},
  number={1},
  pages={1929--1958},
  year={2014},
  publisher={JMLR. org}
}

@article{duchi2011adaptive,
  title={Adaptive subgradient methods for online learning and stochastic optimization},
  author={Duchi, John and Hazan, Elad and Singer, Yoram},
  journal={Journal of Machine Learning Research},
  volume={12},
  number={Jul},
  pages={2121--2159},
  year={2011}
}

@article{Wongsuphasawat2018,
  title={Visualizing Dataflow Graphs of Deep Learning Models in TensorFlow},
  author={Wongsuphasawat, Kanit and Smilkov, Daniel and Wexler, James and Wilson, Jimbo and Man{\'e}, Dandelion and Fritz, Doug and Krishnan, Dilip and Vi{\'e}gas, Fernanda B and Wattenberg, Martin},
  journal={IEEE transactions on visualization and computer graphics},
  volume={24},
  number={1},
  pages={1--12},
  year={2018},
  publisher={IEEE}
}

@inproceedings{Abadi2016,
  title={TensorFlow: A System for Large-Scale Machine Learning.},
  author={Abadi, Mart{\'\i}n and Barham, Paul and Chen, Jianmin and Chen, Zhifeng and Davis, Andy and Dean, Jeffrey and Devin, Matthieu and Ghemawat, Sanjay and Irving, Geoffrey and Isard, Michael and others},
  booktitle={OSDI},
  volume={16},
  pages={265--283},
  year={2016}
}
