
@article{BowmanAngeliPotts2015,
  title={A large annotated corpus for learning natural language inference},
  author={Bowman, Samuel R and Angeli, Gabor and Potts, Christopher and Manning, Christopher D},
  journal={arXiv preprint arXiv:1508.05326},
  year={2015}
}

@article{bahdanau2014neural,
  title={Neural machine translation by jointly learning to align and translate},
  author={Bahdanau, Dzmitry and Cho, Kyunghyun and Bengio, Yoshua},
  journal={arXiv preprint arXiv:1409.0473},
  year={2014}
}

@InProceedings{parikh2016emnlp,
  author    = {Parikh, Ankur  and  T\"{a}ckstr\"{o}m, Oscar  and  Das, Dipanjan  and  Uszkoreit, Jakob},
  title     = {A Decomposable Attention Model for Natural Language Inference},
  booktitle = {Proceedings of the 2016 Conference on Empirical Methods in Natural Language Processing},
  month     = {November},
  year      = {2016},
  address   = {Austin, Texas},
  publisher = {Association for Computational Linguistics},
  pages     = {2249--2255},
  url       = {https://aclweb.org/anthology/D16-1244}
}

@inproceedings{schwartz2017high,
  title={High-Order Attention Models for Visual Question Answering},
  author={Schwartz, Idan and Schwing, Alexander and Hazan, Tamir},
  booktitle={Advances in Neural Information Processing Systems},
  pages={3667--3677},
  year={2017}
}

@article{seo2016bidirectional,
  title={Bidirectional attention flow for machine comprehension},
  author={Seo, Minjoon and Kembhavi, Aniruddha and Farhadi, Ali and Hajishirzi, Hannaneh},
  journal={ICLR 2017},
  year={2016}
}

@article{rush2015neural,
  title={A neural attention model for abstractive sentence summarization},
  author={Rush, Alexander M and Chopra, Sumit and Weston, Jason},
  journal={Proceedings of the 2015 Conference on Empirical Methods in Natural Language Processing},
  year={2015}
}

@inproceedings{yang2016hierarchical,
  title={Hierarchical attention networks for document classification},
  author={Yang, Zichao and Yang, Diyi and Dyer, Chris and He, Xiaodong and Smola, Alex and Hovy, Eduard},
  booktitle={Proceedings of the 2016 Conference of the North American Chapter of the Association for Computational Linguistics: Human Language Technologies},
  pages={1480--1489},
  year={2016}
}

@inproceedings{RibeiroSinghGuestrin2016,
  title={Why should i trust you?: Explaining the predictions of any classifier},
  author={Ribeiro, Marco Tulio and Singh, Sameer and Guestrin, Carlos},
  booktitle={Proceedings of the 22nd ACM SIGKDD International Conference on Knowledge Discovery and Data Mining},
  pages={1135--1144},
  year={2016},
  organization={ACM}
}
